<?xml version="1.0" encoding="UTF-8" ?><marc:collection xmlns:marc="http://www.loc.gov/MARC21/slim" xmlns:xsi="http://www.w3.org/2001/XMLSchema-instance" xsi:schemaLocation="http://www.loc.gov/MARC21/slim http://www.loc.gov/standards/marcxml/schema/MARC21slim.xsd">
<marc:record><marc:leader>01639nam a2200361   4500</marc:leader>
<marc:controlfield tag="001">6357</marc:controlfield>
<marc:controlfield tag="003">aeadna</marc:controlfield><marc:controlfield tag="005">20100502100800.0</marc:controlfield><marc:controlfield tag="006">a      000 0      </marc:controlfield><marc:controlfield tag="008">   s   1936    ua 0010f ra da00  p ara d</marc:controlfield><marc:datafield tag="035" ind1=" " ind2=" "><marc:subfield code="a">(Sirsi) 6357</marc:subfield></marc:datafield><marc:datafield tag="040" ind1=" " ind2=" "><marc:subfield code="a">nal</marc:subfield><marc:subfield code="b">ara</marc:subfield><marc:subfield code="e">AACR2</marc:subfield></marc:datafield><marc:datafield tag="041" ind1="0" ind2=" "><marc:subfield code="a">ara</marc:subfield></marc:datafield><marc:datafield tag="050" ind1=" " ind2="4"><marc:subfield code="a">PJ7750.M8</marc:subfield><marc:subfield code="b">A17 1936</marc:subfield></marc:datafield><marc:datafield tag="066" ind1=" " ind2=" "><marc:subfield code="c">(3</marc:subfield></marc:datafield><marc:datafield tag="082" ind1="1" ind2="0"><marc:subfield code="a">811.009</marc:subfield><marc:subfield code="b">21</marc:subfield></marc:datafield><marc:datafield tag="100" ind1="1" ind2=" "><marc:subfield code="a">المتنبي، أبو الطيب أحمد بن الحسين،</marc:subfield><marc:subfield code="d">915 أو 16-965</marc:subfield></marc:datafield><marc:datafield tag="245" ind1="1" ind2="0"><marc:subfield code="a">ديوان أبي الطيب المتنبي بشرح أبي البقاء الكعبري، المسمى، بالتبيان في شرح الديوان/</marc:subfield><marc:subfield code="c">لأبي الطيب المتنبي؛ ضبطه وصححه ووضع فهارسه مصطفى السقا، إبراهيم الابياري، عبد الحفيظ شلبي</marc:subfield></marc:datafield><marc:datafield tag="246" ind1="0" ind2="3"><marc:subfield code="a">التبيان في شرح الديوان</marc:subfield></marc:datafield><marc:datafield tag="260" ind1=" " ind2=" "><marc:subfield code="a">القاهرة:</marc:subfield><marc:subfield code="b">مطبعة مصطفى الباني الحلبي وأولاده،</marc:subfield><marc:subfield code="c">1936م.</marc:subfield></marc:datafield><marc:datafield tag="300" ind1=" " ind2=" "><marc:subfield code="a">ج. 1 (387 ص.)؛</marc:subfield><marc:subfield code="c">24سم.</marc:subfield></marc:datafield><marc:datafield tag="500" ind1=" " ind2=" "><marc:subfield code="a">يحتاج الكتاب إلى صيانة وترميم.</marc:subfield></marc:datafield><marc:datafield tag="500" ind1=" " ind2=" "><marc:subfield code="a">يتوافر بالمكتبة الجزء الأول فقط.</marc:subfield></marc:datafield><marc:datafield tag="500" ind1=" " ind2=" "><marc:subfield code="a">وضع  المحققون الثلاثة فهارسه</marc:subfield></marc:datafield><marc:datafield tag="600" ind1="1" ind2="4"><marc:subfield code="a">المتنبي، أبو الطيب أحمد بن الحسين،</marc:subfield><marc:subfield code="d">915 أو 16-965</marc:subfield><marc:subfield code="v">دواوين و قصائد</marc:subfield></marc:datafield><marc:datafield tag="650" ind1=" " ind2="4"><marc:subfield code="a">الشعر العربي</marc:subfield><marc:subfield code="x">تاريخ ونقد</marc:subfield><marc:subfield code="y">العصر العباسي</marc:subfield></marc:datafield><marc:datafield tag="650" ind1=" " ind2="4"><marc:subfield code="a">الشعر العربي</marc:subfield><marc:subfield code="x">تاريخ ونقد</marc:subfield></marc:datafield><marc:datafield tag="650" ind1=" " ind2="4"><marc:subfield code="a">الشعر العربي</marc:subfield><marc:subfield code="v">دواوين وقصائد</marc:subfield></marc:datafield><marc:datafield tag="700" ind1="1" ind2=" "><marc:subfield code="a">العكبري، عبد الله بن الحسين،</marc:subfield><marc:subfield code="d">1143 أو 1144-1219</marc:subfield><marc:subfield code="t">التبيان في شرح الديوان.</marc:subfield></marc:datafield><marc:datafield tag="700" ind1="1" ind2=" "><marc:subfield code="a">السقا، مصطفى،</marc:subfield><marc:subfield code="e">محقق.</marc:subfield></marc:datafield><marc:datafield tag="700" ind1="1" ind2=" "><marc:subfield code="a">الأبيارى، إبراهيم</marc:subfield><marc:subfield code="e">محقق.</marc:subfield></marc:datafield><marc:datafield tag="700" ind1="1" ind2=" "><marc:subfield code="a">شلبي، عبد الحفيظ،</marc:subfield><marc:subfield code="e">محقق.</marc:subfield></marc:datafield><marc:datafield tag="949" ind1=" " ind2=" "><marc:subfield code="a">811.009 غ ب د </marc:subfield><marc:subfield code="v"> (m31</marc:subfield><marc:subfield code="w">DDC</marc:subfield><marc:subfield code="i">30018000001074</marc:subfield><marc:subfield code="u">07/08/2003</marc:subfield><marc:subfield code="d">09/06/2010</marc:subfield><marc:subfield code="e">03/21/2006</marc:subfield><marc:subfield code="n">1</marc:subfield><marc:subfield code="t">RAR</marc:subfield><marc:subfield code="l">i</marc:subfield><marc:subfield code="m">MAIN</marc:subfield><marc:subfield code="j">0</marc:subfield><marc:subfield code="x">RAR</marc:subfield></marc:datafield></marc:record>
</marc:collection>
